<?xml version="1.0" encoding="utf-8"?>
<record xmlns="http://www.loc.gov/MARC21/slim" xmlns:xsi="http://www.w3.org/2001/XMLSchema-instance" xsi:schemaLocation="http://www.loc.gov/MARC21/slim http://www.loc.gov/standards/marcxml/schema/MARC21slim.xsd">
	<leader>     nam a22     Mi 4500</leader>
	<controlfield tag="001">b12689749</controlfield>
	<controlfield tag="003">LeBAU</controlfield>
	<controlfield tag="006">m        d        </controlfield>
	<controlfield tag="007">cr cn |||m|||a</controlfield>
	<controlfield tag="008">181009s1947    ua      ob    ||1 0 ara d</controlfield>
	<datafield ind1=" " ind2=" " tag="040">
		<subfield code="a">ZYU</subfield>
		<subfield code="b">ara</subfield>
		<subfield code="e">rda</subfield>
		<subfield code="c">ZYU</subfield>
	</datafield>
	<datafield ind1=" " ind2="4" tag="050">
		<subfield code="a">DS61.7</subfield>
		<subfield code="b">.A75 1947</subfield>
	</datafield>
	<datafield ind1="0" ind2="4" tag="082">
		<subfield code="a">924.9</subfield>
		<subfield code="2">20</subfield>
	</datafield>
	<datafield ind1="1" ind2=" " tag="100">
		<subfield code="6">880-01</subfield>
		<subfield code="a">ʻAqīqī, Najīb,</subfield>
		<subfield code="e">author.</subfield>
	</datafield>
	<datafield ind1="1" ind2="0" tag="245">
		<subfield code="6">880-02</subfield>
		<subfield code="a">baḥth ʻan al-istishrāq ladá jamīʻ al-umam mundhu fajrihi min alf ʻām ilá al-yawm</subfield>
		<subfield code="b">baḥth ʻan al-istishrāq ladá jamīʻ al-umam mundhu fajrihi min alf ʻām ilá al-yawm /</subfield>
		<subfield code="c">Najīb al-ʻAqīqī.</subfield>
	</datafield>
	<datafield ind1="1" ind2="3" tag="245">
		<subfield code="a">al-Mustashriqūn :</subfield>
	</datafield>
	<datafield ind1=" " ind2=" " tag="250">
		<subfield code="6">880-03</subfield>
		<subfield code="a">Ṭab‘ah thānīyah mazīdah wa-munaqqaḥah.</subfield>
	</datafield>
	<datafield ind1=" " ind2="1" tag="264">
		<subfield code="6">880-04</subfield>
		<subfield code="a">Miṣr :</subfield>
		<subfield code="b">Dār al-Maʻārif,</subfield>
		<subfield code="c">1947.</subfield>
	</datafield>
	<datafield ind1=" " ind2=" " tag="300">
		<subfield code="6">880-05</subfield>
		<subfield code="a">online resource (240 pages)</subfield>
	</datafield>
	<datafield ind1=" " ind2=" " tag="336">
		<subfield code="a">text</subfield>
		<subfield code="2">rdacontent</subfield>
	</datafield>
	<datafield ind1=" " ind2=" " tag="337">
		<subfield code="a">computer</subfield>
		<subfield code="2">rdamedia</subfield>
	</datafield>
	<datafield ind1=" " ind2=" " tag="338">
		<subfield code="a">online resource</subfield>
		<subfield code="2">rdacarrier</subfield>
	</datafield>
	<datafield ind1=" " ind2=" " tag="500">
		<subfield code="a">Part of the Arabic Collections Online (ACO) project, contributed by American University of Beirut's Jafet Memorial Library.</subfield>
	</datafield>
	<datafield ind1=" " ind2=" " tag="533">
		<subfield code="a">Electronic reproduction.</subfield>
		<subfield code="b">New York, N.Y. :</subfield>
		<subfield code="c">New York University,</subfield>
		<subfield code="d">2018.</subfield>
		<subfield code="5">NNU</subfield>
	</datafield>
	<datafield ind1=" " ind2="0" tag="650">
		<subfield code="6">880-06</subfield>
		<subfield code="a">Orientalists</subfield>
		<subfield code="v">Bio-bibliography.</subfield>
	</datafield>
	<datafield ind1=" " ind2="0" tag="650">
		<subfield code="a">Oriental philology.</subfield>
	</datafield>
	<datafield ind1=" " ind2="0" tag="650">
		<subfield code="a">Philologists.</subfield>
	</datafield>
	<datafield ind1="2" ind2=" " tag="710">
		<subfield code="a">Jafet Memorial Library.</subfield>
	</datafield>
	<datafield ind1="0" ind2=" " tag="730">
		<subfield code="a">Arabic Collections Online.</subfield>
	</datafield>
	<datafield ind1="0" ind2=" " tag="775">
		<subfield code="6">880-07</subfield>
		<subfield code="i">has designation of a named revision of an edition</subfield>
		<subfield code="4">http://rdaregistry.info/Elements/m/P30132:</subfield>
		<subfield code="t">al-Mustashriqūn : mawsū‘ah fī turāth al-‘Arab, ma‘a tarājim al-mustashriqīn wa-dirāsātihim ‘anhu, mundhu alf ‘ām ḥattá al-yawm.</subfield>
		<subfield code="b">Ṭab‘ah thālīthah mazīdah wa-munaqqaḥah</subfield>
		<subfield code="d">al-Qāhirah : Dār al-Ma‘ārif, 1980-1981</subfield>
		<subfield code="w">(OCoLC)784511873</subfield>
		<subfield code="w">(OCoLC)784463486</subfield>
	</datafield>
	<datafield ind1="0" ind2=" " tag="775">
		<subfield code="i">has designation of a named revision of an edition</subfield>
		<subfield code="4">http://rdaregistry.info/Elements/m/P30132:</subfield>
		<subfield code="t">al-Mustashriqūn : mawsū‘ah fī turāth al-‘Arab, ma‘a tarājim al-mustashriqīn wa-dirāsātihim ‘anhu, mundhu alf ‘ām ḥattá al-yawm.</subfield>
		<subfield code="b">Ṭab‘ah thālīthah mazīdah wa-munaqqaḥah</subfield>
		<subfield code="d">al-Qāhirah : Dār al-Ma‘ārif, 1964-1965</subfield>
		<subfield code="w">b12781046</subfield>
		<subfield code="w">(OCoLC)784511873</subfield>
	</datafield>
	<datafield ind1="0" ind2="8" tag="776">
		<subfield code="i">Print version:</subfield>
		<subfield code="a">ʻAqīqī, Najīb, author.</subfield>
		<subfield code="t">baḥth ʻan al-istishrāq ladá jamīʻ al-umam mundhu fajrihi min alf ʻām ilá al-yawm</subfield>
		<subfield code="w">(LeBAU)b12689749</subfield>
	</datafield>
	<datafield ind1="4" ind2="0" tag="856">
		<subfield code="u">http://hdl.handle.net/2333.1/c2fqzd7r</subfield>
	</datafield>
	<datafield ind1="1" ind2=" " tag="880">
		<subfield code="6">100-01</subfield>
		<subfield code="a">العقيقي، نجيب،</subfield>
		<subfield code="e">مؤلف.</subfield>
		<subfield code="4">aut.</subfield>
	</datafield>
	<datafield ind1="1" ind2="3" tag="880">
		<subfield code="6">245-02</subfield>
		<subfield code="a">المستشرقون :</subfield>
		<subfield code="b">بحث عن الإستشراق لدى جميع الأمم منذ فجره من ألف عام إلى اليوم /</subfield>
		<subfield code="c">نجيب العقيقي.</subfield>
	</datafield>
	<datafield ind1=" " ind2="0" tag="880">
		<subfield code="6">246-00</subfield>
		<subfield code="a">بحث عن الإستشراق لدى جميع الأمم منذ فجره من ألف عام إلى اليوم.</subfield>
	</datafield>
	<datafield ind1=" " ind2=" " tag="880">
		<subfield code="6">250-03</subfield>
		<subfield code="a">طبعة ثانية مزيدة ومنقحة</subfield>
	</datafield>
	<datafield ind1=" " ind2="1" tag="880">
		<subfield code="6">264-04</subfield>
		<subfield code="a">مصر :</subfield>
		<subfield code="b">دار المعارف،</subfield>
		<subfield code="c">1947.</subfield>
	</datafield>
	<datafield ind1=" " ind2=" " tag="880">
		<subfield code="6">300-05</subfield>
		<subfield code="a">240 صفحة ؛</subfield>
		<subfield code="c">24 سم</subfield>
	</datafield>
	<datafield ind1=" " ind2=" " tag="880">
		<subfield code="6">504-00</subfield>
		<subfield code="a">يتضمن مراجع ببليوغرافية وكشافات.</subfield>
	</datafield>
	<datafield ind1=" " ind2="4" tag="880">
		<subfield code="6">650-00</subfield>
		<subfield code="a">المستشرقون</subfield>
		<subfield code="v">بيوببليوغرافيا.</subfield>
	</datafield>
	<datafield ind1=" " ind2="4" tag="880">
		<subfield code="6">650-00</subfield>
		<subfield code="a">فقه اللغة الشرقية.</subfield>
	</datafield>
	<datafield ind1=" " ind2="4" tag="880">
		<subfield code="6">650-06</subfield>
		<subfield code="a">فقهاء اللغة.</subfield>
	</datafield>
	<datafield ind1="0" ind2=" " tag="880">
		<subfield code="6">775-00</subfield>
		<subfield code="i">has designation of edition</subfield>
		<subfield code="4">http://rdaregistry.info/Elements/m/P30133</subfield>
		<subfield code="t">al-Mustashriqūn</subfield>
		<subfield code="b">طبعة رابعة موسعة</subfield>
		<subfield code="d">Bayrūt : [publisher not identified], 1937</subfield>
		<subfield code="w">(OCoLC)784463484</subfield>
		<subfield code="w">(OCoLC)784511873</subfield>
	</datafield>
	<datafield ind1="0" ind2=" " tag="880">
		<subfield code="6">775-00</subfield>
		<subfield code="i">دلالة على طبعة منقحة</subfield>
		<subfield code="4">http://rdaregistry.info/Elements/m/P30132:</subfield>
		<subfield code="t">المستشرقون : موسوعة في تراث العرب، مع تراجم المستشرقين ودراساتهم عنه، منذ ألف عام حتى اليوم.</subfield>
		<subfield code="d">القاهرة : دار المعارف، 1980-1981</subfield>
		<subfield code="w">b12689737</subfield>
		<subfield code="w">(OCoLC)784463484</subfield>
	</datafield>
	<datafield ind1="0" ind2=" " tag="880">
		<subfield code="6">775-00</subfield>
		<subfield code="i">دلالة على الطبعة</subfield>
		<subfield code="4">http://rdaregistry.info/Elements/m/P30133:</subfield>
		<subfield code="t">المستشرقون</subfield>
		<subfield code="d">بيروت : [الناشر غير محدد]، 1937</subfield>
		<subfield code="w">b12689737</subfield>
		<subfield code="w">(OCoLC)784463484</subfield>
	</datafield>
	<datafield ind1="0" ind2=" " tag="880">
		<subfield code="6">775-07</subfield>
		<subfield code="i">دلالة على طبعة منقحة</subfield>
		<subfield code="4">http://rdaregistry.info/Elements/m/P30132:</subfield>
		<subfield code="t">المستشرقون : موسوعة في تراث العرب، مع تراجم المستشرقين ودراساتهم عنه، منذ ألف عام حتى اليوم.</subfield>
		<subfield code="b">طبعة ثالثة مزيدة ومنقحة</subfield>
		<subfield code="d">القاهرة : دار المعارف، 1964-1965</subfield>
		<subfield code="w">b12689750</subfield>
		<subfield code="w">(OCoLC)784463486</subfield>
	</datafield>
	<datafield ind1=" " ind2=" " tag="959">
		<subfield code="a">NNU</subfield>
		<subfield code="b">WEB</subfield>
		<subfield code="c">GENI</subfield>
		<subfield code="t">0</subfield>
		<subfield code="m">Electronic access</subfield>
		<subfield code="s">01</subfield>
	</datafield>
	<datafield ind1=" " ind2=" " tag="999">
		<subfield code="i">LeBAU_b12689749</subfield>
		<subfield code="s">aub_aco001868</subfield>
		<subfield code="e">(ERROR-MISC)</subfield>
		<subfield code="s">aub_aco001868</subfield>
	</datafield>
</record>
